@misc{kenya_climate,
    title = {Kenya Record High and Low Temperatures},
    author = {{Plantmaps.com}},
    howpublished = {\url{https://www.plantmaps.com/en/ke/climate/extremes/c/kenya-record-high-low-temperatures}},
    note = {Accessed: \today}
}

@misc{denmark_climate,
    title = {Denmark Record High and Low Temperatures},
    author = {{Plantmaps.com}},
    howpublished = {\url{https://www.plantmaps.com/en/dk/climate/extremes/c/denmark-record-high-low-temperatures}},
    note = {Accessed: \today}
}

@misc{u_blox_mia_m10q,
    title = {{MIA-M10Q} Data Sheet},
    author = {{u-blox}},
    howpublished = {\url{https://content.u-blox.com/sites/default/files/documents/MIA-M10Q_DataSheet_UBX-22015849.pdf}},
    note = {Accessed: \today}
}

@misc{adxl345,
    title = {{ADXL345} Data Sheet},
    author = {{Analog Devices}},
    howpublished = {\url{https://www.analog.com/media/en/technical-documentation/data-sheets/adxl345.pdf}},
    year = {2022},
    note = {Accessed: \today}
}

@misc{mqtt_org,
    title = {MQTT: The Standard for IoT Messaging},
    author = {{MQTT.org}},
    howpublished = {\url{https://mqtt.org/}},
    note = {Accessed: \today}
}

@misc{wifi_osi,
    title = {Wi-Fi and the OSI model},
    author = {{Control Engineering}},
    howpublished = {\url{https://www.controleng.com/wi-fi-and-the-osi-model/}},
    year = {2014},
    note = {Accessed: \today}
}

@misc{bluetooth_protocol,
    title = {What is Bluetooth?},
    author = {{GeeksforGeeks}},
    howpublished = {\url{https://www.geeksforgeeks.org/bluetooth/}},
    year = {2024},
    note = {Accessed: \today}
}

@misc{lora_alliance,
    title = {What is {LoRaWANÂ®}?},
    author = {{LoRa Alliance}},
    howpublished = {\url{https://lora-alliance.org/about-lorawan/}},
    note = {Accessed: \today}
}